 @book{ireland_rosen_2011, place={New York}, title={A classical introduction to modern number theory}, publisher={Springer}, author={Ireland, Kenneth F. and Rosen, Michael I.}, year={2011}} 

@book{stewart_tall_2020, place={Boca Raton}, title={Algebraic Number Theory and Fermat's last theorem}, publisher={CRC Press, Taylor &amp; Francis Group}, author={Stewart, Ian and Tall, David Orme}, year={2020}} 